@misc{uF1voTq6ULHlwdRU,
  journal = {Tech-FAQ},
  title = {HSV (Hue, Saturation and Value)},
  note = {[online]. [cit. 2018-05-16]. Dostupné z: \url{http://www.tech-faq.com/hsv.htm}}
}

@misc{AXUaooptJGOSpUrX,
  title = {Tavern},
  subtitle = {Automated RESTful API testing},
  note = {[online]. 2018-03-14 [cit. 2018-04-23]. Dostupné z: \url{https://taverntesting.github.io/}}
}

@book{Hossain2015,
  author = {Monsur Hossain},
  title = {CORS in action},
  subtitle = {creating and consuming cross-origin APIs},
  publisher = {Manning},
  address = {Shelter Island, NY},
  year = {[2015]},
  ISBN = {161729182X},
}

@misc{Menon13122008,
  author = {Ramkumar Menon},
  journal = {Oracle blog},
  title = {Base64 Explained},
  note = {[online]. [cit. 2018-04-20]. Dostupné z: \url{https://blogs.oracle.com/rammenon/base64-explained}}
}

@misc{huX3wRi17CwZ4WPd,
  journal = {Angular},
  title = {The Dependency Injection pattern},
  note = {[online]. [cit. 2018-04-20]. Dostupné z: \url{https://angular.io/guide/dependency-injection-pattern}}
}

@misc{m3Dxu36mfpc2MCxI,
  journal = {MDN web docs},
  title = {Blob},
  note = {[online]. [cit. 2018-04-20]. Dostupné z: \url{https://developer.mozilla.org/en-US/docs/Web/API/Blob}}
}

@misc{lkToNI4tHykidWsV,
  author = { },
  journal = {MDN web docs},
  title = {ArrayBuffer},
  note = {[online]. [cit. 2018-04-20]. Dostupné z: \url{https://developer.mozilla.org/en-US/docs/Web/JavaScript/Reference/Global_Objects/ArrayBuffer}}
}

@misc{lREQ9U50PweZWx0G,
  author = {Jan Neckář},
  journal = {Algoritmy.net},
  title = {Singleton},
  note = {[online]. [cit. 2018-04-20]. Dostupné z: \url{https://www.algoritmy.net/article/1326/Singleton}}
}

@misc{Sengstacke2542016,
  author = {Peleke Sengstacke},
  journal = {Scotch},
  title = {JavaScript Transpilers},
  subtitle = {What They Are \& Why We Need Them},
  note = {[online]. [cit. 2018-04-20]. Dostupné z: \url{https://scotch.io/tutorials/javascript-transpilers-what-they-are-why-we-need-them}}
}

@misc{db2JlMZocQcR3Caz,
  title = {Chart.js},
  subtitle = {Simple yet flexible JavaScript charting for designers \& developers},
  note = {[online]. 2018-04-12 [cit. 2018-04-20]. Dostupné z: \url{https://www.chartjs.org/}}
}

@misc{nic5zZJbUwJyjA3R,
  journal = {Github},
  title = {@ngrx/store},
  subtitle = {RxJS powered state management for Angular applications, inspired by Redux},
  note = {[online]. [cit. 2018-04-19]. Dostupné z: \url{https://github.com/ngrx/platform/blob/master/docs/store/README.md}}
}

@misc{pzU1UYWXatJMcZgL,
  journal = {Github},
  title = {@ngrx/effects},
  subtitle = {RxJS powered side effect model for @ngrx/store},
  note = {[online]. [cit. 2018-04-20]. Dostupné z: \url{https://github.com/ngrx/platform/blob/master/docs/effects/README.md}}
}

@book{Banker2011,
  author = {Kyle Banker},
  title = {MongoDB in action},
  publisher = {Manning},
  address = {Greenwich, CT},
  year = {2011},
  edition = {2nd, corrected printing},
  ISBN = {1935182870},
}

@book{Allamarajuc2010,
  author = {Subrahmanyam. Allamaraju},
  title = {RESTful Web services cookbook},
  publisher = {O'Reilly},
  address = {Sebastopol,CA.},
  year = {c2010},
  edition = {1st ed},
  ISBN = {978-0596801687},
}

@misc{zRDOOtGMqvsBd8cc,
  journal = {Github},
  title = {@ngrx/effects},
  note = {[online]. [cit. 2018-04-11]. Dostupné z: \url{https://github.com/ngrx/platform/blob/master/docs/effects/README.md}}
}

@misc{cHTxNlpj167nGQ93,
  journal = {Github},
  title = {@ngrx/store},
  note = {[online]. [cit. 2018-04-11]. Dostupné z: \url{https://github.com/ngrx/platform/blob/master/docs/store/README.md}}
}

@article{BsyXZC783dJbfdc7,
  journal = {Wikiskripta},
  title = {Bércový vřed},
  publisher = {MEFANET},
  ISSN = {1804-6517},
  note = {[online]. [cit. 2017-12-08]. Dostupné z: \url{http://www.wikiskripta.eu/index.php/Baz\%C3\%A1ln\%C3\%AD_ganglia}}
}

@misc{f7jKojjQlPsziQuS,
  journal = {Tutorials Point},
  title = {TypeScript - Overview},
  note = {[online]. [cit. 2017-12-11]. Dostupné z: \url{https://www.tutorialspoint.com/typescript/typescript_overview.htm}}
}

@misc{YNlrXY2RKWca3gk8,
  journal = {Tutorials Point},
  title = {Flask – Overview},
  note = {[online]. [cit. 2017-12-11]. Dostupné z: \url{https://www.tutorialspoint.com/flask/flask_overview.htm}}
}

@misc{fswG1WVQQnoCa64c,
  journal = {Tutorials Point},
  title = {HTML - Overview},
  note = {[online]. [cit. 2017-12-11]. Dostupné z: \url{https://www.tutorialspoint.com/html/html_overview.htm}}
}

@misc{VNZJ2nmvOm16rWtR,
  journal = {Tutorials Point},
  title = {What is CSS?},
  note = {[online]. [cit. 2017-12-11]. Dostupné z: \url{https://www.tutorialspoint.com/css/what_is_css.htm}}
}

@misc{SIWRi1jHe5vClhda,
  journal = {Tutorials Point},
  title = {Sass - Overview},
  note = {[online]. [cit. 2017-12-11]. Dostupné z: \url{https://www.tutorialspoint.com/sass/sass_overview.htm}}
}

@misc{CCnsn576LIGBCH2C,
  journal = {Tutorials Point},
  title = {Python - Overview},
  note = {[online]. [cit. 2017-12-11]. Dostupné z: \url{https://www.tutorialspoint.com/python/python_overview.htm}}
}

@article{54r2mhdAeuyxzZPp,
  author = {Vojta Hordějčuk},
  journal = {Voho},
  title = {REST},
  note = {[online]. [cit. 2017-12-11]. Dostupné z: \url{http://voho.eu/wiki/rest/}}
}

@misc{mpahm68E0P8GyL7C,
  journal = {MDN Web docs},
  title = {About JavaScript},
  note = {[online]. 2017 [cit. 2017-12-11]. Dostupné z: \url{https://developer.mozilla.org/en-US/docs/Web/JavaScript/About_JavaScript}}
}

@article{Jahoda2015,
  author = {Bohumil Jahoda},
  title = {Single page application},
  note = {[online]. 2015 [cit. 2017-12-11]. Dostupné z: \url{http://jecas.cz/spa}}
}

@misc{DVKuXjtaapUpB12M,
  title = {Apache Cordova},
  note = {[online]. [cit. 2017-12-11]. Dostupné z: \url{https://cordova.apache.org/}}
}

@misc{oHlcq3e3366Aa2oa,
  title = {Angular Framework},
  note = {[online]. [cit. 2017-12-11]. Dostupné z: \url{https://angular.io/}}
}

@misc{HiUt1XS9KvN1fiB5,
  title = {Ionic Framework},
  note = {[online]. [cit. 2017-12-11]. Dostupné z: \url{https://ionicframework.com/}}
}

@misc{szuAn7oWy8XhggPM,
  journal = {Ionic},
  title = {Ionic Framework},
  note = {[online]. [cit. 2017-12-11]. Dostupné z: \url{https://ionicframework.com/}}
}

@misc{0QSW9GoG0OTJ7FKM,
  journal = {Robíme IT},
  title = {Čo sú to hybridné mobilné aplikácie?},
  note = {[online]. 2016 [cit. 2017-12-11]. Dostupné z: \url{https://robime.it/co-su-hybridne-mobilne-aplikacie/}}
}

@misc{hBGbGXxiU66nJt51,
  journal = {Electron},
  title = {Electron Documentation},
  note = {[online]. [cit. 2017-12-11]. Dostupné z: \url{https://electronjs.org/docs/tutorial/about}}
}

@misc{9egOMsyThyK0MyF2,
  journal = {MongoDB},
  title = {MongoDB and MySQL Compared},
  note = {[online]. [cit. 2017-12-11]. Dostupné z: \url{https://www.mongodb.com/compare/mongodb-mysql?jmp=docs}}
}

@article{Vilimovsky2015,
  author = {Michal Vilímovský},
  title = {Dekubity (proleženiny), jejich příčiny a léčba},
  note = {[online]. [cit. 2017-12-08]. Dostupné z: \url{https://cs.medlicker.com/848-dekubity-prolezeniny-jejich-priciny-a-lecby}}
}

@article{uGOum7N9LzIGa5X2,
  journal = {Wikiskripta},
  title = {Diabetická noha},
  publisher = {MEFANET},
  ISSN = {1804-6517},
  note = {[online]. 2017 [cit. 2017-12-08]. Dostupné z: \url{http://www.wikiskripta.eu/w/Diabetick\%C3\%A1_noha}}
}

@article{Svehlik2012,
  author = {Ján Švehlík},
  title = {Odstránenie znamienok},
  note = {[online]. [cit. 2017-12-08]. Dostupné z: \url{http://www.svehlik.sk/znamienka.html}}
}

@misc{XUKYT8x1LmEzzkqO,
  title = {Multimediálna e-učebnica},
  subtitle = {Ošetrovateľské postupy v špeciálnej chirurgii},
  note = {[online]. [cit. 2017-12-08]. Dostupné z: \url{http://oschir.jfmed.uniba.sk/CCH2-5.php}}
}

@article{Ebling2016,
  author = {G. Ebling and F. John G. Ebling},
  title = {Encyclopædia Britannica},
  subtitle = {Human skin},
  publisher = {Encyclopædia Britannica, inc.},
  note = {[online]. [cit. 2017-12-07]. Dostupné z: \url{https://www.britannica.com/science/human-skin}}
}

@book{Hlinkova2015,
  author = {Edita Hlinková and Jana Nemcová and Michaela Miertová},
  title = {Nehojace sa rany},
  subtitle = {vysokoškolská učebnica},
  publisher = {Osveta},
  address = {Martin},
  year = {2015},
  edition = {1. vydanie},
  ISBN = {978-80-8063-433-9},
}

@book{Pokorna2012,
  author = {Andrea Pokorná and Romana Mrázová},
  title = {Kompendium hojení ran pro sestry},
  publisher = {Grada},
  address = {Praha},
  year = {2012},
  edition = {1. vyd.},
  ISBN = {978-80-247-3371-5},
}

@misc{pcCdSrbbhhlr5YcQ,
  title = {Hojení ran},
  publisher = {MeDitorial +},
  address = {Praha},
  note = {[online]. 2017 [cit. 2017-11-29]. Dostupné z: \url{https://www.hojeni-ran.cz/}}
}

@book{Griffith2017,
  author = {Chris Griffith},
  title = {Mobile App Development with Ionic, Revised Edition},
  subtitle = {Cross-Platform Apps with Ionic, Angular, and Cordova},
  publisher = {O'REILLY \& ASSOC INC},
  year = {2017},
  ISBN = {1491998121},
}

@book{Bradskic2008,
  author = {Gary R. Bradski},
  title = {Learning OpenCV},
  publisher = {O'Reilly},
  address = {Sebastopol},
  year = {c2008},
  ISBN = {978-0-596-51613-0},
}

@article{AHMADFAUZI201574,
title = "Computerized segmentation and measurement of chronic wound images",
journal = "Computers in Biology and Medicine",
volume = "60",
pages = "74 - 85",
year = "2015",
issn = "0010-4825",
doi = "https://doi.org/10.1016/j.compbiomed.2015.02.015",
author = "Mohammad Faizal Ahmad Fauzi and Ibrahim Khansa and Karen Catignani and Gayle Gordillo and Chandan K. Sen and Metin N. Gurcan",
keywords = "Wound segmentation, Wound measurement, Wound analysis, Chronic wound, Probability map"
}

